 The below link contains useful bibtex templates
 https://verbosus.com/bibtex-style-examples.html

@misc{koeppe2007,
  title = {Package `edmaths'},
  author = {Thomas Koeppe},
  year = {2007}
}
